@article{zhu2023fourier,
  title={Fourier-DeepONet: Fourier-enhanced deep operator networks for full waveform inversion with improved accuracy, generalizability, and robustness},
  author={Zhu, Min and Feng, Shihang and Lin, Youzuo and Lu, Lu},
  journal={Computer Methods in Applied Mechanics and Engineering},
  volume={416},
  pages={116300},
  year={2023},
  publisher={Elsevier}
}

@article{wu2018inversionnet,
  title={InversionNet: A Real-Time and Accurate Full Waveform Inversion with CNNs and continuous CRFs},
  author={Wu, Yue and Lin, Youzuo},
  journal={arXiv preprint arXiv:1811.07875},
  year={2018}
}

@article{chen2018neural,
  title={Neural ordinary differential equations},
  author={Chen, Ricky TQ and Rubanova, Yulia and Bettencourt, Jesse and Duvenaud, David},
  journal={Advances in neural information processing systems},
  volume={31},
  year={2018}
}

@article{zhang2019pca,
  title={PCA-SOM: An effective method for seismic facies analysis},
  author={Zhang, Wei and Wang, Jun and Li, Xiaohui},
  journal={Journal of Applied Geophysics},
  volume={163},
  pages={1--9},
  year={2019},
  publisher={Elsevier}
}

@misc{kaggle2025,
  title={Geophysical Waveform Inversion},
  author={Kaggle},
  year={2025},
  howpublished={\url{https://www.kaggle.com/competitions/waveform-inversion/}}
}
