@misc{ctbto_waveform,
  author       = {{Comprehensive Nuclear-Test-Ban Treaty Organization}},
  title        = {Waveform Data Processing and Analysis},
  year         = {2024},
  url          = {https://www.ctbto.org/our-work/international-data-centre/waveform-data-processing-and-analysis},
  note         = {Accessed: 2025-06-03}
}

@article{jones2023waveform,
  author  = {Jones, E. and Smith, R. and Doe, J.},
  title   = {Waveform seismic event classification using modern machine learning techniques},
  journal = {Nuclear Engineering and Design},
  volume  = {395},
  pages   = {112456},
  year    = {2023},
  publisher = {Elsevier},
  doi     = {10.1016/j.nucengdes.2023.112456}
}