@misc{ieee_dataset,
  title={Positional Data of Soft Robots with Diverse Actuation Types},
  author={Barakat, Hisham},
  year={2025},
  howpublished={\url{https://ieee-dataport.org/documents/positional-data-soft-robots-diverse-actuations-types}},
  note={Accessed: 2025-04-28}
}

@article{pinn_ray,
  title={PINN-Ray: A Physics-Informed Neural Network to Model Soft Robotic Fin Ray Fingers},
  author={Wang, Xing and Dabrowski, Joel Janek and Pinskier, Josh and Liow, Lois and Viswanathan, Vinoth and Scalzo, Richard and Howard, David},
  journal={arXiv preprint arXiv:2407.08222},
  year={2024}
}

@article{pinn_control,
  title={Physics-Informed Neural Networks to Model and Control Robots: A Theoretical and Experimental Investigation},
  author={Liu, Jingyue and Borja, Pablo and Della Santina, Cosimo},
  journal={Advanced Intelligent Systems},
  volume={5},
  number={1},
  pages={2300385},
  year={2023},
  publisher={Wiley Online Library}
}
