@article{zhu2023fourier,
  title={Fourier-DeepONet: Fourier-enhanced deep operator networks for full waveform inversion with improved accuracy, generalizability, and robustness},
  author={Zhu, Min and Feng, Shihang and Lin, Youzuo and Lu, Lu},
  journal={Computer Methods in Applied Mechanics and Engineering},
  volume={416},
  pages={116300},
  year={2023},
  publisher={Elsevier},
  doi={10.1016/j.cma.2023.116300}
}

@misc{kaggle2025,
  title={Yale/UNC-CH - Geophysical Waveform Inversion},
  author={Yale University and University of North Carolina at Chapel Hill},
  year={2025},
  note={\url{https://www.kaggle.com/competitions/waveform-inversion}}
}

@article{deng2022openfwi,
  title={OpenFWI: Large-scale multi-structural benchmark datasets for full waveform inversion},
  author={Deng, Chengyuan and Feng, Shihang and Wang, Hanchen and Zhang, Xitong and Jin, Peng and Feng, Yinan and Zeng, Qili and Chen, Yinpeng and Lin, Youzuo},
  journal={Advances in Neural Information Processing Systems},
  volume={35},
  pages={6007--6020},
  year={2022}
}
